% This file was created with JabRef 2.7.2.
% Encoding: Cp1252

@BOOK{Diestel2010,
  title = {Graph Theory},
  publisher = {Springer},
  year = {2010},
  editor = {S. Axler and K. A. Ribet},
  author = {Reinhard Diestel},
  owner = {dpate},
  timestamp = {2013.02.11}
}

